@article{hernandez2012no,
  title={No surviving evolved companions of the progenitor of SN [thinsp] 1006},
  author={Hern{\'a}ndez, Jonay I Gonz{\'a}lez and Ruiz-Lapuente, Pilar and Tabernero, Hugo M and Montes, David and Canal, Ramon and M{\'e}ndez, Javier and Bedin, Luigi R},
  journal={Nature},
  volume={489},
  number={7417},
  pages={533--536},
  year={2012},
  publisher={Nature Publishing Group}
}

@ARTICLE{Geiger2013IJRR,
  author = {Andreas Geiger and Philip Lenz and Christoph Stiller and Raquel Urtasun},
  title = {Vision meets Robotics: The KITTI Dataset},
  journal = {International Journal of Robotics Research (IJRR)},
  year = {2013}
} 

@INPROCEEDINGS{Fritsch2013ITSC,
  author = {Jannik Fritsch and Tobias Kuehnl and Andreas Geiger},
  title = {A New Performance Measure and Evaluation Benchmark for Road Detection Algorithms},
  booktitle = {International Conference on Intelligent Transportation Systems (ITSC)},
  year = {2013}
} 

@INPROCEEDINGS{Menze2015CVPR,
  author = {Moritz Menze and Andreas Geiger},
  title = {Object Scene Flow for Autonomous Vehicles},
  booktitle = {Conference on Computer Vision and Pattern	Recognition (CVPR)},
  year = {2015}
}

@article{laina2016deeper,
  title={Deeper Depth Prediction with Fully Convolutional Residual Networks},
  author={Laina, Iro and Rupprecht, Christian and Belagiannis, Vasileios and Tombari, Federico and Navab, Nassir},
  journal={arXiv preprint arXiv:1606.00373},
  year={2016}
}

@inproceedings{li2015depth,
  title={Depth and surface normal estimation from monocular images using regression on deep features and hierarchical CRFs},
  author={Li, Bo and Shen, Chunhua and Dai, Yuchao and van den Hengel, Anton and He, Mingyi},
  booktitle={Proceedings of the IEEE Conference on Computer Vision and Pattern Recognition},
  pages={1119--1127},
  year={2015}
}

@inproceedings{hane2015direction,
  title={Direction matters: Depth estimation with a surface normal classifier},
  author={Hane, Christian and Ladicky, Lubor and Pollefeys, Marc},
  booktitle={Proceedings of the IEEE Conference on Computer Vision and Pattern Recognition},
  pages={381--389},
  year={2015}
}

@inproceedings{eigen2015predicting,
  title={Predicting depth, surface normals and semantic labels with a common multi-scale convolutional architecture},
  author={Eigen, David and Fergus, Rob},
  booktitle={Proceedings of the IEEE International Conference on Computer Vision},
  pages={2650--2658},
  year={2015}
}