@article{nips2014,
    author  = "David Eigen and Christian Puhrsch and Rob Fergus",
    title   = "Depth Map Prediction from a Single Image
using a Multi-Scale Deep Network",
    year    = {2014}
}
@article{iccv2015,
    author  = "David Eigen and Rob Fergus",
    title   = "Predicting Depth, Surface Normals and Semantic Labels with a Common Multi-Scale Convolutional Architecture",
    year    = "2015",
    journal = {arXiv:1411.4734}
}

@inproceedings{Silberman:ECCV12,
  author    = {Nathan Silberman, Derek Hoiem, Pushmeet Kohli and Rob Fergus},
  title     = {Indoor Segmentation and Support Inference from RGBD Images},
  booktitle = {ECCV},
  year      = {2012}
}

@ARTICLE{Geiger2013IJRR,
  author = {Andreas Geiger and Philip Lenz and Christoph Stiller and Raquel Urtasun},
  title = {Vision meets Robotics: The KITTI Dataset},
  journal = {International Journal of Robotics Research (IJRR)},
  year = {2013}
}